<?xml version="1.0" encoding="utf-8"?>
<record xmlns="http://www.loc.gov/MARC21/slim" xmlns:xsi="http://www.w3.org/2001/XMLSchema-instance" xsi:schemaLocation="http://www.loc.gov/MARC21/slim http://www.loc.gov/standards/marcxml/schema/MARC21slim.xsd">
	<leader>     nam a22     Mi 4500</leader>
	<controlfield tag="001">b23584014</controlfield>
	<controlfield tag="003">LeBAU</controlfield>
	<controlfield tag="006">m        d        </controlfield>
	<controlfield tag="007">cr cn |||m|||a</controlfield>
	<controlfield tag="008">200219s1929    ua abcf ob    ||0 0 ara d</controlfield>
	<datafield ind1=" " ind2=" " tag="040">
		<subfield code="a">ZYU</subfield>
		<subfield code="b">ara</subfield>
		<subfield code="e">rda</subfield>
		<subfield code="c">ZYU</subfield>
	</datafield>
	<datafield ind1="0" ind2="4" tag="082">
		<subfield code="a">962</subfield>
		<subfield code="2">23</subfield>
	</datafield>
	<datafield ind1="1" ind2=" " tag="100">
		<subfield code="6">880-01</subfield>
		<subfield code="a">Rāfiʻī, ʻAbd al-Raḥmān,</subfield>
		<subfield code="e">author.</subfield>
	</datafield>
	<datafield ind1="1" ind2="0" tag="245">
		<subfield code="6">880-02</subfield>
		<subfield code="a">Tārīkh al-ḥarakah al-qawmīyah fī Miṣr wa-taṭawwur niẓām al-ḥukm fī Miṣr /</subfield>
		<subfield code="c">bi-qalam ʻAbd al-Raḥmān al-Rāfiʻī Bik.</subfield>
	</datafield>
	<datafield ind1=" " ind2=" " tag="250">
		<subfield code="6">880-03</subfield>
		<subfield code="a">al-Ṭabʻah al-ūlá.</subfield>
	</datafield>
	<datafield ind1=" " ind2="1" tag="264">
		<subfield code="6">880-04</subfield>
		<subfield code="a">Miṣr :</subfield>
		<subfield code="b">Maṭbaʻat al-Nahḍah,</subfield>
		<subfield code="c">1347 H. = 1929 M.</subfield>
	</datafield>
	<datafield ind1=" " ind2=" " tag="300">
		<subfield code="6">880-05</subfield>
		<subfield code="a">online resource (3 volumes) :</subfield>
		<subfield code="b">illustrations, maps (some folded), portraits</subfield>
	</datafield>
	<datafield ind1=" " ind2=" " tag="336">
		<subfield code="a">text</subfield>
		<subfield code="2">rdacontent</subfield>
	</datafield>
	<datafield ind1=" " ind2=" " tag="337">
		<subfield code="a">computer</subfield>
		<subfield code="2">rdamedia</subfield>
	</datafield>
	<datafield ind1=" " ind2=" " tag="338">
		<subfield code="a">online resource</subfield>
		<subfield code="2">rdacarrier</subfield>
	</datafield>
	<datafield ind1=" " ind2=" " tag="500">
		<subfield code="a">Part of the Arabic Collections Online (ACO) project, contributed by American University of Beirut's Jafet Memorial Library.</subfield>
	</datafield>
	<datafield ind1=" " ind2=" " tag="504">
		<subfield code="a">يتضمن مراجع ببليوغرافية.</subfield>
	</datafield>
	<datafield ind1="0" ind2=" " tag="505">
		<subfield code="a">تاريخ الحركة القومية وتطور نظام الحكم في مصر: الجزء الثاني. (من إعادة الديوان في عهد نابليون الى إرتقاء محمد على أريكة مصر بإرادة الشعب) -- الجزء الثالث. عصر محمد علي.</subfield>
	</datafield>
	<datafield ind1=" " ind2=" " tag="533">
		<subfield code="a">Electronic reproduction.</subfield>
		<subfield code="b">New York, N.Y. :</subfield>
		<subfield code="c">New York University,</subfield>
		<subfield code="d">2020.</subfield>
		<subfield code="5">NNU</subfield>
	</datafield>
	<datafield ind1=" " ind2="4" tag="650">
		<subfield code="a">القومية</subfield>
		<subfield code="z">مصر.</subfield>
	</datafield>
	<datafield ind1=" " ind2="0" tag="650">
		<subfield code="a">Nationalism</subfield>
		<subfield code="z">Egypt.</subfield>
	</datafield>
	<datafield ind1=" " ind2="4" tag="651">
		<subfield code="a">مصر</subfield>
		<subfield code="x">تاريخ</subfield>
		<subfield code="y">القرن التاسع عشر.</subfield>
	</datafield>
	<datafield ind1=" " ind2="4" tag="651">
		<subfield code="a">مصر</subfield>
		<subfield code="x">تاريخ</subfield>
		<subfield code="y">الإحتلال الفرنسي، 1798-1801.</subfield>
	</datafield>
	<datafield ind1=" " ind2="0" tag="651">
		<subfield code="a">Egypt</subfield>
		<subfield code="x">History</subfield>
		<subfield code="y">19th century.</subfield>
	</datafield>
	<datafield ind1=" " ind2="0" tag="651">
		<subfield code="a">Egypt</subfield>
		<subfield code="x">History</subfield>
		<subfield code="y">French occupation, 1798-1801.</subfield>
	</datafield>
	<datafield ind1="2" ind2=" " tag="710">
		<subfield code="a">Jafet Memorial Library.</subfield>
	</datafield>
	<datafield ind1="0" ind2=" " tag="730">
		<subfield code="a">Arabic Collections Online.</subfield>
	</datafield>
	<datafield ind1="0" ind2="8" tag="775">
		<subfield code="6">880-06</subfield>
		<subfield code="i">has designation of edition</subfield>
		<subfield code="4">http://rdaregistry.info/Elements/m/P30133 :</subfield>
		<subfield code="a">Rāfiʻī, ʻAbd al-Raḥmān.</subfield>
		<subfield code="t">Tārīkh al-ḥarakah al-qawmīyah fī Miṣr wa-taṭawwur niẓām al-ḥukm fī Miṣr.</subfield>
		<subfield code="b">al-Ṭabʻah al-thālithah.</subfield>
		<subfield code="d">[al-Qāhirah] : Maktabat al-Nahḍah al-Miṣrīyah, 1378 H. = 1958 M.</subfield>
		<subfield code="w">(LEAUB)b23584075</subfield>
	</datafield>
	<datafield ind1="0" ind2="8" tag="775">
		<subfield code="6">880-07</subfield>
		<subfield code="i">has designation of edition</subfield>
		<subfield code="4">http://rdaregistry.info/Elements/m/P30133 :</subfield>
		<subfield code="a">Rāfiʻī, ʻAbd al-Raḥmān.</subfield>
		<subfield code="t">Tārīkh al-ḥarakah al-qawmīyah fī Miṣr wa-taṭawwur niẓām al-ḥukm fī Miṣr.</subfield>
		<subfield code="b">al-Ṭabʻah al-rābiʻah.</subfield>
		<subfield code="d">al-Qāhirah : Maktabat al-Nahḍah al-Miṣrīyah, 1374 H. = 1955 M.</subfield>
		<subfield code="w">(OCoLC)784485267</subfield>
		<subfield code="w">(OCoLC)784485267</subfield>
	</datafield>
	<datafield ind1="0" ind2="8" tag="776">
		<subfield code="i">Print version:</subfield>
		<subfield code="a">Rāfiʻī, ʻAbd al-Raḥmān, author.</subfield>
		<subfield code="t">Tārīkh al-ḥarakah al-qawmīyah fī Miṣr wa-taṭawwur niẓām al-ḥukm fī Miṣr</subfield>
		<subfield code="w">(LeBAU)b23584014</subfield>
	</datafield>
	<datafield ind1="4" ind2="0" tag="856">
		<subfield code="u">http://hdl.handle.net/2333.1/b8gtj3tt</subfield>
	</datafield>
	<datafield ind1="1" ind2=" " tag="880">
		<subfield code="6">100-01</subfield>
		<subfield code="a">الرافعي، عبد الرحمن،</subfield>
		<subfield code="e">مؤلف. </subfield>
		<subfield code="4">aut.</subfield>
	</datafield>
	<datafield ind1="1" ind2="0" tag="880">
		<subfield code="6">245-02</subfield>
		<subfield code="a">تاريخ الحركة القومية وتطور نظام الحكم في مصر /</subfield>
		<subfield code="c">بقلم عبد الرحمن الرافعي بك.</subfield>
	</datafield>
	<datafield ind1=" " ind2=" " tag="880">
		<subfield code="6">250-03</subfield>
		<subfield code="a">الطبعة الأولى.</subfield>
	</datafield>
	<datafield ind1=" " ind2="1" tag="880">
		<subfield code="6">264-04</subfield>
		<subfield code="a">مصر :</subfield>
		<subfield code="b">مطبعة النهضة،</subfield>
		<subfield code="c">1347 هـ. = 1929 م.</subfield>
	</datafield>
	<datafield ind1=" " ind2=" " tag="880">
		<subfield code="6">300-05</subfield>
		<subfield code="a">3 أجزاء :</subfield>
		<subfield code="b">مصورات، خرائط (بعضها مطوي)، صور شخصانية ؛</subfield>
		<subfield code="c">24 سم</subfield>
	</datafield>
	<datafield ind1="0" ind2="8" tag="880">
		<subfield code="6">775-06</subfield>
		<subfield code="i">دلالة على الطبعة</subfield>
		<subfield code="4">http://rdaregistry.info/Elements/m/P30133 :</subfield>
		<subfield code="a">الرافعي، عبد الرحمن.</subfield>
		<subfield code="t">تاريخ الحركة القومية وتطور نظام الحكم في مصر.</subfield>
		<subfield code="b">الطبعة الثالثة.</subfield>
		<subfield code="d">[القاهرة] : مكتبة النهضة المصرية، 1378 هـ. = 1958 م.</subfield>
		<subfield code="w">(LEAUB)b23584075</subfield>
	</datafield>
	<datafield ind1="0" ind2="8" tag="880">
		<subfield code="6">775-07</subfield>
		<subfield code="i">دلالة على الطبعة</subfield>
		<subfield code="4">http://rdaregistry.info/Elements/m/P30133 :</subfield>
		<subfield code="a">الرافعي، عبد الرحمن.</subfield>
		<subfield code="t">تاريخ الحركة القومية وتطور نظام الحكم في مصر.</subfield>
		<subfield code="b">الطبعة الرابعة.</subfield>
		<subfield code="d">القاهرة : مكتبة النهضة المصرية، 1374 هـ. = 1955 م.</subfield>
		<subfield code="w">(LEAUB)b12725973</subfield>
		<subfield code="w">(OCoLC)784485267</subfield>
	</datafield>
	<datafield ind1=" " ind2=" " tag="959">
		<subfield code="a">NNU</subfield>
		<subfield code="b">WEB</subfield>
		<subfield code="c">GENI</subfield>
		<subfield code="t">0</subfield>
		<subfield code="m">Electronic access</subfield>
		<subfield code="s">01</subfield>
	</datafield>
	<datafield ind1=" " ind2=" " tag="999">
		<subfield code="i">LeBAU_b23584014</subfield>
		<subfield code="s">aub_aco003745:v.1</subfield>
		<subfield code="s">aub_aco003746:v.2</subfield>
		<subfield code="s">aub_aco003747:v.3</subfield>
		<subfield code="e">(ERROR-MISC)</subfield>
	</datafield>
</record>
